@unpublished{hogwild,
    author = "Feng Niu and Benjamin Recht and Christopher R\'{e} and Stephen J. Wright",
    title = "Hogwild!: A Lock-Free Approach to Parallelizing Stochastic Gradient Descent",
    year = "2011",
    note = "arXiv:1106.5730v2"
}

@conference{skodzik2013,
	author = "Jan Skodzik and Vlado Altmann and Benjamin Wagner and Peter Danielis and Dirk Timmermann",
	title = "A Highly Integrable {FPGA}-Based Runtime-Configurable Multilayer Perceptron",
	year = "2013",
	organization = "{IEEE} 27th International Conference on Advanced Information Networking and Applications"
}

@conference{wang2008,
	author = "Jianzhuang Wang and Youping Chen and Jingming Xie and Bing Chen and Zude Zhou",
	title = "{FPGA} based Neural Network {PID} Controller for Line-scan Camera in Sensorless Environment",
	year = "2008",
	organization = "Fourth International Conference on Natural Computation"
}

@conference{ahn2015,
	author = "Byungik Ahn",
	title = "Real-Time Video Object Recognition Using Convolutional Neural Network",
	year = "2015",
	organization = "International Joint Conference on Neural Networks"
}

@conference{tensorflow,
	author = "Mart\'{i}n Abadi and Paul Barham and Jianmin Chen and Zhifeng Chen",
	title = "TensorFlow: A system for large-scale machine learning",
	year = "2016",
	organization = "CoRR"
}
	
@conference{deeplearning,
	author = "Yann LeCun and Yoshua Bengio and Geoffrey Hinton",
	title = "Deep learning",
	year = "2015",
	organization = "Nature"
}

@article{limited-precision,
	author    = {Suyog Gupta and Ankur Agrawal and Kailash Gopalakrishnan and Pritish Narayanan},
	title     = {Deep Learning with Limited Numerical Precision},
	journal   = {CoRR},
	volume    = {abs/1502.02551},
	year      = {2015},
	url       = {http://arxiv.org/abs/1502.02551},
	timestamp = {Mon, 02 Mar 2015 14:17:34 +0100}
}

@conference{project-catapult,
	author = "Kalin Ovtcharov and Olatunji Ruwase and Joo-Young Kim and Jeremy Fowers and Karin Strauss and Eric S. Chung",
	title = "Accelerating Deep Convolutional Neural Networks Using Specialized Hardware",
	organization = "Microsoft Research",
	year = "2015",
	url = {https://www.microsoft.com/en-us/research/wp-content/uploads/2016/02/CNN20Whitepaper.pdf}
}