@unpublished{hogwild,
    author = "Feng Niu and Benjamin Recht and Christopher R\'{e} and Stephen J. Wright",
    title = "Hogwild!: A Lock-Free Approach to Parallelizing Stochastic Gradient Descent",
    year = "2011",
    note = "arXiv:1106.5730v2"
}